@Manual{readr,
  title = {readr: Read Rectangular Text Data},
  author = {Hadley Wickham and Jim Hester and Romain Francois},
  year = {2018},
  note = {R package version 1.3.1},
  url = {https://CRAN.R-project.org/package=readr},
}
@Manual{dplyr,
  title = {dplyr: A Grammar of Data Manipulation},
  author = {Hadley Wickham and Romain François and Lionel Henry and Kirill Müller},
  year = {2019},
  note = {R package version 0.8.0.1},
  url = {https://CRAN.R-project.org/package=dplyr},
}
@Manual{tidyr,
  title = {tidyr: Easily Tidy Data with 'spread()' and 'gather()' Functions},
  author = {Hadley Wickham and Lionel Henry},
  year = {2019},
  note = {R package version 0.8.3},
  url = {https://CRAN.R-project.org/package=tidyr},
}
@Manual{stringr,
  title = {stringr: Simple, Consistent Wrappers for Common String Operations},
  author = {Hadley Wickham},
  year = {2019},
  note = {R package version 1.4.0},
  url = {https://CRAN.R-project.org/package=stringr},
}
@Article{lubridate,
  title = {Dates and Times Made Easy with {lubridate}},
  author = {Garrett Grolemund and Hadley Wickham},
  journal = {Journal of Statistical Software},
  year = {2011},
  volume = {40},
  number = {3},
  pages = {1--25},
  url = {http://www.jstatsoft.org/v40/i03/},
}
@Manual{wayback,
  title = {wayback: Tools to Work with Internet Archive Wayback Machine APIs},
  author = {Bob Rudis},
  year = {2017},
  note = {R package version 0.4.0},
  url = {https://github.com/hrbrmstr/wayback},
}
@Book{ggplot2,
  author = {Hadley Wickham},
  title = {ggplot2: Elegant Graphics for Data Analysis},
  publisher = {Springer-Verlag New York},
  year = {2016},
  isbn = {978-3-319-24277-4},
  url = {https://ggplot2.tidyverse.org},
}
@Manual{verification,
  title = {verification: Weather Forecast Verification Utilities},
  author = {NCAR - Research Applications Laboratory},
  year = {2015},
  note = {R package version 1.42},
  url = {https://CRAN.R-project.org/package=verification},
}
@Manual{base,
  title = {R: A Language and Environment for Statistical Computing},
  author = {{R Core Team}},
  organization = {R Foundation for Statistical Computing},
  address = {Vienna, Austria},
  year = {2018},
  url = {https://www.R-project.org/},
}
@Manual{devtools,
  title = {devtools: Tools to Make Developing R Packages Easier},
  author = {Hadley Wickham and Jim Hester and Winston Chang},
  year = {2019},
  note = {R package version 2.0.2},
  url = {https://CRAN.R-project.org/package=devtools},
}
@Manual{stats,
  title = {R: A Language and Environment for Statistical Computing},
  author = {{R Core Team}},
  organization = {R Foundation for Statistical Computing},
  address = {Vienna, Austria},
  year = {2018},
  url = {https://www.R-project.org/},
  }
@Manual{shiny,
  title = {shiny: Web Application Framework for R},
  author = {Winston Chang and Joe Cheng and JJ Allaire and Yihui Xie and Jonathan McPherson},
  year = {2019},
  note = {R package version 1.3.1},
  url = {https://CRAN.R-project.org/package=shiny},
}
@Misc{legislators_current,
  author = {United States Project},
  title  = {Current Legislators},
  month  = oct,
  year   = {2018},
  url    = {https://theunitedstates.io/congress-legislators/},
}
@Misc{house_district_forecast,
  author = {FiveThirtyEight},
  title  = {House District Forecast},
  month  = nov,
  year   = {2018},
  url    = {https://projects.fivethirtyeight.com/2018-midterm-election-forecast/house/},
}
@Misc{senate_seat_forecast,
  author = {FiveThirtyEight},
  title  = {Senate Seat Forecast},
  month  = nov,
  year   = {2018},
  url    = {https://projects.fivethirtyeight.com/2018-midterm-election-forecast/senate/},
}
@Misc{forecast_results_2018,
  author = {FiveThirtyEight},
  title  = {2018 Midterm Election Results},
  month  = dec,
  year   = {2018},
  url    = {https://53eig.ht/2PiFb0f},
}
